<?xml version="1.0" encoding="UTF-8"?>
<record xmlns="http://www.loc.gov/MARC21/slim">
   <leader>01888cam a2200373   4500</leader>
   <controlfield tag="001">3347151</controlfield>
   <controlfield tag="003">CStRLIN</controlfield>
   <controlfield tag="006">m    |   j |      </controlfield>
   <controlfield tag="007">cr |n||||||||n</controlfield>
   <controlfield tag="008">790922s1744    enk|||| s    o00| ||eng d</controlfield>
   <datafield tag="040" ind1=" " ind2=" ">
      <subfield code="a">Uk-ES</subfield>
      <subfield code="b">eng</subfield>
      <subfield code="c">Uk-ES</subfield>
      <subfield code="d">CStRLIN</subfield>
      <subfield code="d">Thomson Gale</subfield>
      <subfield code="d">AEU</subfield>
   </datafield>
   <datafield tag="090" ind1=" " ind2=" ">
      <subfield code="a">Internet Access</subfield>
      <subfield code="b">AEGMCT</subfield>
   </datafield>
   <datafield tag="090" ind1=" " ind2=" ">
      <subfield code="a">Internet Access</subfield>
      <subfield code="b">AEU</subfield>
   </datafield>
   <datafield tag="110" ind1="1" ind2=" ">
      <subfield code="a">Great Britain.</subfield>
      <subfield code="b">Parliament.</subfield>
   </datafield>
   <datafield tag="240" ind1="1" ind2="0">
      <subfield code="a">Bills. 1744-02-23/ </subfield>
   </datafield>
   <datafield tag="240" ind1="0" ind2="0">
      <subfield code="a">An act for vesting the settled estate of Sir Robert Sutton, in the county of Nottingham, in trustees/ [electronic resource]</subfield>
   </datafield>
   <datafield tag="245" ind1="1" ind2="3">
      <subfield code="a">Proceedings of the Seventh Prairie Conservation and Endangered Species Conference 2004</subfield>
      <subfield code="h">[electronic resource]</subfield>
   </datafield>
   <datafield tag="260" ind1=" " ind2=" ">
      <subfield code="a">[London,</subfield>
      <subfield code="c">1744]</subfield>
   </datafield>
   <datafield tag="300" ind1=" " ind2=" ">
      <subfield code="a">24p. ;</subfield>
      <subfield code="c">2â&#x81;°.</subfield>
   </datafield>
   <datafield tag="336" ind1=" " ind2=" ">
      <subfield code="a">text</subfield>
      <subfield code="b">txt</subfield>
      <subfield code="2">rdacontent</subfield>
   </datafield>
   <datafield tag="337" ind1=" " ind2=" ">
      <subfield code="a">computer</subfield>
      <subfield code="b">c</subfield>
      <subfield code="2">rdamedia</subfield>
   </datafield>
   <datafield tag="338" ind1=" " ind2=" ">
      <subfield code="a">online resource</subfield>
      <subfield code="b">cr</subfield>
      <subfield code="2">rdacarrier</subfield>
   </datafield>
   <datafield tag="500" ind1=" " ind2=" ">
      <subfield code="a">With a docket title.</subfield>
   </datafield>
   <datafield tag="500" ind1=" " ind2=" ">
      <subfield code="a">Enacted: Private Acts, 17 Geo.II.c.26.</subfield>
   </datafield>
   <datafield tag="500" ind1=" " ind2=" ">
      <subfield code="a">Drop-head title.</subfield>
   </datafield>
   <datafield tag="500" ind1=" " ind2=" ">
      <subfield code="a">Catchword p.19: herein.</subfield>
   </datafield>
   <datafield tag="500" ind1=" " ind2=" ">
      <subfield code="a">Reproduction of original from the British Library.</subfield>
   </datafield>
   <datafield tag="510" ind1="4" ind2=" ">
      <subfield code="a">English Short Title Catalog,</subfield>
      <subfield code="c">ESTCT57255.</subfield>
   </datafield>
   <datafield tag="533" ind1=" " ind2=" ">
      <subfield code="a">Electronic reproduction.</subfield>
      <subfield code="b">Farmington Hills, Mich. :</subfield>
      <subfield code="c">Thomson Gale,</subfield>
      <subfield code="d">2003.</subfield>
      <subfield code="n">Available via the World Wide Web.</subfield>
      <subfield code="n">Access limited by licensing agreements</subfield>
      <subfield code="7">s2003 miunns</subfield>
   </datafield>
   <datafield tag="596" ind1=" " ind2=" ">
      <subfield code="a">44 57</subfield>
   </datafield>
   <datafield tag="856" ind1="4" ind2="0">
      <subfield code="3">MacEwan University Access</subfield>
      <subfield code="u">http://galenet.galegroup.com/servlet/ECCO?c=1&amp;stp=Author&amp;ste=11&amp;af=BN&amp;ae=T057255&amp;tiPG=1&amp;dd=0&amp;dc=flc&amp;docNum=CW124956702&amp;vrsn=1.0&amp;srchtp=a&amp;d4=0.33&amp;n=10&amp;SU=0LRJ&amp;locID=edmo87290</subfield>
      <subfield code="z">(Unlimited Concurrent Users)</subfield>
   </datafield>
   <datafield tag="856" ind1="4" ind2="0">
      <subfield code="3">University of Alberta Access</subfield>
      <subfield code="u">http://galenet.galegroup.com/servlet/ECCO?c=1&amp;stp=Author&amp;ste=11&amp;af=BN&amp;ae=T057255&amp;tiPG=1&amp;dd=0&amp;dc=flc&amp;docNum=CW124956702&amp;vrsn=1.0&amp;srchtp=a&amp;d4=0.33&amp;n=10&amp;SU=0LRJ&amp;locID=edmo69826</subfield>
      <subfield code="z">(Unlimited Concurrent Users)</subfield>
   </datafield>
   <datafield tag="949" ind1=" " ind2=" ">
      <subfield code="h">UAIN</subfield>
      <subfield code="m">GR_MAC_INT</subfield>
      <subfield code="z">ECCOMAC</subfield>
   </datafield>
   <datafield tag="926" ind1=" " ind2=" ">
      <subfield code="a">UAINTERNET</subfield>
      <subfield code="b">INTERNET</subfield>
      <subfield code="c">Internet Access</subfield>
      <subfield code="d">E-RESOURCE</subfield>
      <subfield code="f">1</subfield>
   </datafield>
   <datafield tag="926" ind1=" " ind2=" ">
      <subfield code="a">GR_MAC_INT</subfield>
      <subfield code="b">INTERNET</subfield>
      <subfield code="c">Internet Access</subfield>
      <subfield code="d">E-RESOURCE</subfield>
      <subfield code="f">1</subfield>
   </datafield>
</record>
